<record><leader>00000cas a22000007a 4500</leader><controlfield tag="001">8782955</controlfield><controlfield tag="008">820917d19762009ctudn ne      0   a0eng  </controlfield><datafield ind1=" " ind2=" " tag="010"><subfield code="a">sn 82014516 </subfield></datafield><datafield ind1=" " ind2=" " tag="040"><subfield code="a">DLC</subfield><subfield code="b">eng</subfield><subfield code="c">DLC</subfield><subfield code="d">CNW</subfield><subfield code="d">OCLCQ</subfield><subfield code="d">CZL</subfield><subfield code="d">DLC</subfield><subfield code="d">OCLCQ</subfield><subfield code="d">OCLCF</subfield></datafield><datafield ind1="1" ind2=" " tag="029"><subfield code="a">AU@</subfield><subfield code="b">000025818822</subfield></datafield><datafield ind1=" " ind2=" " tag="037"><subfield code="b">Herald Pub. Co., One Herald Square, New Britain, CT 06050</subfield></datafield><datafield ind1=" " ind2=" " tag="042"><subfield code="a">msc</subfield></datafield><datafield ind1=" " ind2=" " tag="043"><subfield code="a">n-us-ct</subfield></datafield><datafield ind1="0" ind2="0" tag="050"><subfield code="a">Newspaper</subfield></datafield><datafield ind1=" " ind2=" " tag="090"><subfield code="a">AN104.N5</subfield><subfield code="b">H47</subfield></datafield><datafield ind1="0" ind2=" " tag="130"><subfield code="a">Herald (New Britain, Conn.)</subfield></datafield><datafield ind1="1" ind2="4" tag="245"><subfield code="a">The herald.</subfield></datafield><datafield ind1="3" ind2="0" tag="246"><subfield code="a">Herald extra</subfield></datafield><datafield ind1="1" ind2="3" tag="246"><subfield code="a">New Britain herald</subfield><subfield code="f">Oct.-Dec. 16, 1976</subfield></datafield><datafield ind1="1" ind2=" " tag="246"><subfield code="i">Sunday issues for Aug. 18, 1996-Apr. 30, 2006 published as:</subfield><subfield code="a">Herald press, New Britain edition</subfield></datafield><datafield ind1="1" ind2=" " tag="246"><subfield code="i">Sunday issues for May 7, 2006-Sept. 20, 2009 published as:</subfield><subfield code="a">Sunday herald press, New Britain edition</subfield></datafield><datafield ind1=" " ind2=" " tag="260"><subfield code="a">New Britain, Conn. :</subfield><subfield code="b">Herald Pub. Co.,</subfield><subfield code="c">1976-2009.</subfield></datafield><datafield ind1=" " ind2=" " tag="300"><subfield code="a">v. :</subfield><subfield code="b">ill. ;</subfield><subfield code="c">58 cm.</subfield></datafield><datafield ind1=" " ind2=" " tag="310"><subfield code="a">Daily,</subfield><subfield code="b">Aug. 18, 1996-</subfield></datafield><datafield ind1=" " ind2=" " tag="321"><subfield code="a">Daily (except Sun. and holidays),</subfield><subfield code="b">Oct. 27, 1976-Aug. 17, 1996</subfield></datafield><datafield ind1="1" ind2=" " tag="362"><subfield code="a">Began with 96th year, no. 254 (Oct. 27, 1976); ceased with v. 129 no. 198 (Sept. 19, 2009), Sunday herald press issue ceased with v. 13, no. 51 (Sept. 20, 2009).</subfield></datafield><datafield ind1=" " ind2=" " tag="500"><subfield code="a">"Independent."</subfield></datafield><datafield ind1=" " ind2=" " tag="500"><subfield code="a">Issued a supplement called: Herald extra, 1984-</subfield></datafield><datafield ind1=" " ind2=" " tag="500"><subfield code="a">Published regional editions, Mar. 29, 1977-Mar. 10, 1990.</subfield></datafield><datafield ind1=" " ind2=" " tag="500"><subfield code="a">Articles selectively issued in CD-ROM version as part of: Newsbank News File, and on microfiche as part of: Newsbank Reference Services.</subfield></datafield><datafield ind1=" " ind2=" " tag="515"><subfield code="a">Numbering for Sunday editions differs from main numbering of the paper.</subfield></datafield><datafield ind1=" " ind2=" " tag="530"><subfield code="a">Available on microfilm from New England Micrographics, Marlboro, Mass.</subfield></datafield><datafield ind1=" " ind2=" " tag="588"><subfield code="a">Description based on: 96th year, no. 254 (Oct. 27, 1976); title from masthead.</subfield></datafield><datafield ind1=" " ind2=" " tag="588"><subfield code="a">Latest issue consulted: V. 13, no. 51 (Sept. 20, 2009).</subfield></datafield><datafield ind1=" " ind2="0" tag="651"><subfield code="a">New Britain (Conn.)</subfield><subfield code="v">Newspapers.</subfield></datafield><datafield ind1=" " ind2="0" tag="651"><subfield code="a">Hartford County (Conn.)</subfield><subfield code="v">Newspapers.</subfield></datafield><datafield ind1=" " ind2="7" tag="655"><subfield code="a">Newspapers.</subfield><subfield code="2">fast</subfield><subfield code="0">(OCoLC)fst01423814</subfield></datafield><datafield ind1=" " ind2="7" tag="651"><subfield code="a">Connecticut</subfield><subfield code="z">Hartford County.</subfield><subfield code="2">fast</subfield><subfield code="0">(OCoLC)fst01211874</subfield></datafield><datafield ind1=" " ind2="7" tag="651"><subfield code="a">Connecticut</subfield><subfield code="z">New Britain.</subfield><subfield code="2">fast</subfield><subfield code="0">(OCoLC)fst01202983</subfield></datafield><datafield ind1=" " ind2=" " tag="752"><subfield code="a">United States</subfield><subfield code="b">Connecticut</subfield><subfield code="c">Hartford</subfield><subfield code="d">New Britain.</subfield></datafield><datafield ind1="0" ind2="0" tag="780"><subfield code="t">New Britain herald (New Britain, Conn. : 1890)</subfield><subfield code="w">(DLC)sn 82014519</subfield><subfield code="w">(OCoLC)8783515</subfield></datafield><datafield ind1="0" ind2="0" tag="785"><subfield code="t">New Britain herald (2009)</subfield><subfield code="x">2325-4548</subfield><subfield code="w">(DLC)  2012273530</subfield><subfield code="w">(OCoLC)608707796</subfield></datafield></record>